<record><leader>00000cas a2200000 a 4500</leader><controlfield tag="001">24290280</controlfield><controlfield tag="008">910826c19899999nyuwr ne      0    0eng c</controlfield><datafield ind1=" " ind2=" " tag="010"><subfield code="a">sn 91066928 </subfield></datafield><datafield ind1=" " ind2=" " tag="040"><subfield code="a">NYS</subfield><subfield code="b">eng</subfield><subfield code="c">NYS</subfield><subfield code="d">OCLCQ</subfield><subfield code="d">OCLCF</subfield><subfield code="d">OCLCO</subfield></datafield><datafield ind1="1" ind2=" " tag="029"><subfield code="a">AU@</subfield><subfield code="b">000020690112</subfield></datafield><datafield ind1=" " ind2=" " tag="037"><subfield code="b">Wallkill Valley Publications, Inc., 23 E. Main St., P.O. Box 446, Walden, NY 12586-0446</subfield></datafield><datafield ind1=" " ind2=" " tag="042"><subfield code="a">pcc</subfield></datafield><datafield ind1=" " ind2=" " tag="043"><subfield code="a">n-us-ny</subfield></datafield><datafield ind1="0" ind2="0" tag="245"><subfield code="a">Mid Hudson times.</subfield></datafield><datafield ind1=" " ind2=" " tag="260"><subfield code="a">Walden, N.Y. :</subfield><subfield code="b">Wallkill Valley Publications,</subfield><subfield code="c">1989-</subfield></datafield><datafield ind1=" " ind2=" " tag="300"><subfield code="a">v. :</subfield><subfield code="b">ill.</subfield></datafield><datafield ind1=" " ind2=" " tag="310"><subfield code="a">Weekly</subfield></datafield><datafield ind1="0" ind2=" " tag="362"><subfield code="a">Vol. 1, no. 38 (Dec. 27, 1989)-</subfield></datafield><datafield ind1=" " ind2=" " tag="500"><subfield code="a">"Serving Newburgh and E. Orange County."</subfield></datafield><datafield ind1=" " ind2="0" tag="651"><subfield code="a">Walden (Orange County, N.Y.)</subfield><subfield code="v">Newspapers.</subfield></datafield><datafield ind1=" " ind2="0" tag="651"><subfield code="a">Newburgh (N.Y.)</subfield><subfield code="v">Newspapers.</subfield></datafield><datafield ind1=" " ind2="7" tag="655"><subfield code="a">Newspapers.</subfield><subfield code="2">fast</subfield><subfield code="0">(OCoLC)fst01423814</subfield></datafield><datafield ind1=" " ind2="7" tag="651"><subfield code="a">New York (State)</subfield><subfield code="z">Newburgh.</subfield><subfield code="2">fast</subfield><subfield code="0">(OCoLC)fst01215294</subfield></datafield><datafield ind1=" " ind2="7" tag="651"><subfield code="a">New York (State)</subfield><subfield code="z">Walden (Orange County)</subfield><subfield code="2">fast</subfield><subfield code="0">(OCoLC)fst01313835</subfield></datafield><datafield ind1=" " ind2=" " tag="752"><subfield code="a">United States</subfield><subfield code="b">New York</subfield><subfield code="c">Orange</subfield><subfield code="d">Walden.</subfield></datafield><datafield ind1=" " ind2=" " tag="752"><subfield code="a">United States</subfield><subfield code="b">New York</subfield><subfield code="c">Orange</subfield><subfield code="d">Newburgh.</subfield></datafield><datafield ind1="0" ind2=" " tag="775"><subfield code="t">Times (Walden, Orange County, N.Y. : Wallkill Valley ed.)</subfield><subfield code="x">1044-291X</subfield><subfield code="w">(DLC)sn 89007002</subfield><subfield code="w">(OCoLC)19784880</subfield></datafield><datafield ind1="0" ind2="0" tag="780"><subfield code="t">Times (Walden, Orange County, N.Y. : Mid Hudson ed.)</subfield><subfield code="x">1044-2901</subfield><subfield code="w">(DLC)sn 89007011</subfield><subfield code="w">(OCoLC)19785144</subfield></datafield></record>